:20:250228
:25:PL63124026561111001135907105
:28C:2
:NS:22L-PL SP‡LKA Z O.O.
:60F:C250201PLN2846,28
:61:2502280228DN20,00NERRNONREF//M0150PBT00043355
PROWIZJE AUT.
:86:8300<00PROWIZJE AUT.<10
<20Miesi©czny abonament za korzystanie
<21z systemu PekaoBIZNES24 za 03.2025
<27
<29
<3012402092<311362991111000000
<32<33
<3892124020921362991111000000
<61NONREF
<63REFM0150PBT00043355
:61:2502280228DN10,00NERRNONREF//M0150PBT00037042
PROWIZJE AUT.
:86:8300<00PROWIZJE AUT.<10
<20Abonament za prezentowanie danych z
<21a okres powyæej 3 miesi©cy za 02.20
<2225
<27
<29
<3012402092<311362991111000000
<32<33
<3892124020921362991111000000
<61NONREF
<63REFM0150PBT00037042
:61:2502280228DN3,60NERRNONREF//M0150PBS00187087
PROWIZJE AUT.
:86:8300<00PROWIZJE AUT.<10
<20Opàata za przelew krajowy wewn•trz 
<21Banku Pekao z rachunku: 63124026561
<22111001135907105-x3 za okres: 31.01.
<232025-27.02.2025
<27
<29
<3012402092<311362991111000000
<32<33
<3892124020921362991111000000
<61NONREF
<63REFM0150PBS00187087
:61:2502280228DN19,20NERRNONREF//M0150PBS00082896
PROWIZJE AUT.
:86:8300<00PROWIZJE AUT.<10
<20Opàata za przelew krajowy zàotowy z
<21 rachunku: 631240265611110011359071
<2205-x16 za okres: 31.01.2025-27.02.2
<23025
<27
<29
<3012402092<311362991111000000
<32<33
<3892124020921362991111000000
<61NONREF
<63REFM0150PBS00082896
:61:2502280228DN69,51NERRNONREF//356252S98E003221
OPùATA / PROWIZJA
:86:0150<00OPùATA ZA OBSùUG®<10
<20OPùATA ZA OBSùUG®
<27
<29
<3012402656<311111001135907105
<32<33
<38
<61NONREF
<63REF356252S98E003221
:61:2502270227DN260,26NERRNONREF//3560227607200050
PRZEKAZ ZAGRANICZNY
:86:7660<00PRZEKAZ ZAGRANICZNY<10
<20Transakcja w obrocie dewizowym, Con
<21sulta juridica online :K: 1,000000 
<22:S: 4,301800 :O: 60,50 EUR
<27LAPCHYNSKYI PARTNERS SL
<29
<3095018210<3118460204396972
<32LAPCHYNSKYI PARTNERS SL<33
<389501821018460204396972
<61NONREF
<63REF3560227607200050
:61:2502270227DN516,22NERRNONREF//3560227607300047
PRZEKAZ ZAGRANICZNY
:86:7660<00PRZEKAZ ZAGRANICZNY<10
<20Transakcja w obrocie dewizowym, Con
<21sulta juridica online :K: 1,000000 
<22:S: 4,301800 :O: 120,00 EUR
<27Maks Snisar
<29
<3081008106<3128810002967403
<32Maks Snisar<33
<388100810628810002967403
<61NONREF
<63REF3560227607300047
:61:2502260226DN146,37NERRNONREF//3560226615701954
PRZELEW INTERNET
:86:7650<00PRZELEW INTERNET<10
<20FAKTURA 2502200635305
<27POLKOMTEL SP. Z O.O.
<29
<3012406960<310601000023912414
<32POLKOMTEL SP. Z O.O.<33
<3872124069600601000023912414
<61NONREF
<63REF3560226615701954
:61:2502260226DN11280,78NERRNONREF//3560226607701883
PRZELEW INTERNET M/B
:86:7750<00PRZELEW INTERNET M/B<10
<20za wykonanie UMOWA ZLECENIE 6/03/06
<21/2024
<27BEREZYNETS OLEKSANDR
<29
<3010204900<310000800236769572
<32BEREZYNETS OLEKSANDR<33
<3861102049000000800236769572
<61NONREF
<63REF3560226607701883
:61:2502260226DN19124,93NERRNONREF//3560226615701851
PRZELEW INTERNET
:86:7650<00PRZELEW INTERNET<10
<20za wykonanie UMOWA ZLECENIE 5/01/05
<21/2024
<27BIELOUSOV YEVHEN
<29
<3012404719<311111001137733197
<32BIELOUSOV YEVHEN<33
<3829124047191111001137733197
<61NONREF
<63REF3560226615701851
:61:2502260226DN4059,77NERRNONREF//3560226615001792
PRZELEW INTERNET M/B
:86:7750<00PRZELEW INTERNET M/B<10
<20za wykonanie UMOWA ZLECENIE 7/09/08
<21/2024
<27KRETOV YEHOR
<29
<3011402004<310000330284908294
<32KRETOV YEHOR<33
<3861114020040000330284908294
<61NONREF
<63REF3560226615001792
:61:2502260226DN9556,07NERRNONREF//3560226607201826
PRZELEW INTERNET M/B
:86:7750<00PRZELEW INTERNET M/B<10
<20za wykonanie UMOWA ZLECENIE 2/30/12
<21/2024
<27VYSHEMIRSKYI KOSTIANTYN
<29
<3010202892<310000510208546089
<32VYSHEMIRSKYI KOSTIANTYN<33
<3871102028920000510208546089
<61NONREF
<63REF3560226607201826
:61:2502260226DN8458,00NERRNONREF//3560226614801775
PRZELEW INTERNET M/B
:86:7750<00PRZELEW INTERNET M/B<10
<20za wykonanie UMOWA ZLECENIE 4/01/05
<21/2024
<27SREBNIUK YEVHENII
<29
<3010202892<310000530209143308
<32SREBNIUK YEVHENII<33
<3823102028920000530209143308
<61NONREF
<63REF3560226614801775
:61:2502260226DN11000,00NERRNONREF//3560226614601652
PRZELEW INTERNET M/B
:86:7750<00PRZELEW INTERNET M/B<10
<20za wykonanie UMOWA ZLECENIE 10/06/1
<211/2024
<27PROKOPOVYCH YEVHEN
<29
<3011402004<310000330285340370
<32PROKOPOVYCH YEVHEN<33
<3805114020040000330285340370
<61NONREF
<63REF3560226614601652
:61:2502260226DN9713,05NERRNONREF//3560226615001690
PRZELEW INTERNET M/B
:86:7750<00PRZELEW INTERNET M/B<10
<20za wykonanie UMOWA ZLECENIE 1/30/12
<21/2024
<27IGOR PERECHYNSKYI
<29
<3010202892<310000510208536049
<32IGOR PERECHYNSKYI<33
<3836102028920000510208536049
<61NONREF
<63REF3560226615001690
:61:2502260226DN17204,08NERRNONREF//3560226615701688
PRZELEW INTERNET M/B
:86:7750<00PRZELEW INTERNET M/B<10
<20za wykonanie UMOWA ZLECENIE 3/30/12
<21/2024
<27OLEKSANDR HLEBOV
<29
<3011602202<310000000596084839
<32OLEKSANDR HLEBOV<33
<3858116022020000000596084839
<61NONREF
<63REF3560226615701688
:61:2502260226DN7000,00NERRNONREF//3560226615201674
PRZELEW INTERNET M/B
:86:7750<00PRZELEW INTERNET M/B<10
<20Za wykonanie UMOWA ZLECENIE 8/02/09
<21/2024
<27ANTON KUNDENKO
<29
<3011402004<310000330285154998
<32ANTON KUNDENKO<33
<3843114020040000330285154998
<61NONREF
<63REF3560226615201674
:61:2502260226CN97812,95NERRNONREF//001252Q685000268
PRZELEW
:86:1720<00PRZELEW<10
<20Transakcja w obrocie dewizowym, Wym
<21iana walut - sprzedaæ USD za PLN ¶ 
<22252Q005204FX :K: 3,927600 :S: 1,000
<23000 :O: 24ˇ904,00 USD
<27L-PL SP‡LKA Z O.O. UL. KARMELICKA 1
<284 7
<2931-128    KRAK‡W              PL
<3012402656<311787001135907121
<32L-PL SP‡LKA Z O.O. UL. KARM<33ELICKA 14 7
<3892124026561787001135907121
<60           PL
<61NONREF
<63REF001252Q685000268
:61:2502250225DN22,00NERRNONREF//M0150PBQ00015149
PROWIZJE AUT.
:86:8300<00PROWIZJE AUT.<10
<20Opàata za komunikat SWIFT do przeka
<21zu wysàanego w obr.dewizowym 100.00
<22EUR z 24.02.2025 ref:35602246150000
<2351
<27
<29
<3012402092<311362991111000000
<32<33
<3892124020921362991111000000
<61NONREF
<63REFM0150PBQ00015149
:61:2502250225DN20,00NERRNONREF//M0150PBQ00016213
PROWIZJE AUT.
:86:8300<00PROWIZJE AUT.<10
<20Dodatkowa opàata za speàniaj•cy wym
<21ogi Ustawy o Usà. Pàatn. Przekazw o
<22br. dewizowym100.00EUR z 24.02.2025
<23 ref:3560224615000051
<27
<29
<3012402092<311362991111000000
<32<33
<3892124020921362991111000000
<61NONREF
<63REFM0150PBQ00016213
:61:2502250225DN150,00NERRNONREF//M0150PBQ00004602
PROWIZJE AUT.
:86:8300<00PROWIZJE AUT.<10
<20Opàata za el. przekaz wysàany w obr
<21.dewizowym tryb ekspres 100.00EUR z
<22 24.02.2025 ref:3560224615000051
<27
<29
<3012402092<311362991111000000
<32<33
<3892124020921362991111000000
<61NONREF
<63REFM0150PBQ00004602
:61:2502240224DN432,66NERRNONREF//3560224615000051
PRZEKAZ ZAGRANICZNY
:86:7660<00PRZEKAZ ZAGRANICZNY<10
<20Transakcja w obrocie dewizowym, Con
<21sulta juridica online :K: 1,000000 
<22:S: 4,326600 :O: 100,00 EUR
<27LAPCHYNSKYI PARTNERS SL
<29
<3095018210<3118460204396972
<32LAPCHYNSKYI PARTNERS SL<33
<389501821018460204396972
<61NONREF
<63REF3560224615000051
:61:2502210221DN2209,28NERRNONREF//3560221615602054
PRZELEW INTERNET M/B
:86:7750<00PRZELEW INTERNET M/B<10
<20FAKTURA NR E/TM/0386087/25
<27TAURON Sprzedaæ sp. z o.o.
<29
<3010500099<316026011000664667
<32TAURON Sprzedaæ sp. z o.o.<33
<3843105000996026011000664667
<61NONREF
<63REF3560221615602054
:61:2502210221CN2500,00NERRNONREF//001252L685100369
PRZELEW
:86:1720<00PRZELEW<10
<20Transakcja w obrocie dewizowym, Wym
<21iana walut - sprzedaæ USD za PLN ¶ 
<22252L006234FX :K: 3,958891 :S: 1,000
<23000 :O: 631,49 USD
<27L-PL SP‡LKA Z O.O. UL. KARMELICKA 1
<284 7
<2931-128    KRAK‡W              PL
<3012402656<311787001135907121
<32L-PL SP‡LKA Z O.O. UL. KARM<33ELICKA 14 7
<3892124026561787001135907121
<60           PL
<61NONREF
<63REF001252L685100369
:61:2502190219DN8,00NERRNONREF//M0150PBK00236219
PROWIZJE AUT.
:86:8300<00PROWIZJE AUT.<10
<20Opàata miesi©czna za kart© *6001384
<219 za miesi•c 01.2025
<27
<29
<3012402092<311362991111000000
<32<33
<3892124020921362991111000000
<61NONREF
<63REFM0150PBK00236219
:61:2502130213DN43470,74NERRNONREF//3560213989910914
Przelew Podzielony Do Zus
:86:5620<00PRZELEW PODZIELONY DO ZUS/K<10
<20Przelew do ZUS
<27Zakàad Ubezpiecze‰ Spoàecznych
<29
<3060000002<310260015242962136
<32Zakàad Ubezpiecze‰ Spoàeczn<33ych
<3867600000020260015242962136
<61NONREF
<63REF3560213989910914
:61:2502130213DN4101,00NERRNONREF//3560213615301696
Przelew Do US Ze órodkami VAT
:86:5260<00PRZELEW DO US<10
<20/TI/N5242962136/OKR/25M01/SFP/PIT-4
<27URZ§D SKARBOWY CENTRUM ROZLICZENIOW
<28E
<29
<3010100071<312222524296213600
<32URZ§D SKARBOWY CENTRUM ROZL<33ICZENIOWE
<3885101000712222524296213600
<61NONREF
<63REF3560213615301696
:61:2502130213CN48000,00NERRNONREF//001252D685200249
PRZELEW
:86:1720<00PRZELEW<10
<20Transakcja w obrocie dewizowym, Wym
<21iana walut - sprzedaæ USD za PLN ¶ 
<22252D005081FX :K: 3,975201 :S: 1,000
<23000 :O: 12ˇ074,86 USD
<27L-PL SP‡LKA Z O.O. UL. KARMELICKA 1
<284 7
<2931-128    KRAK‡W              PL
<3012402656<311787001135907121
<32L-PL SP‡LKA Z O.O. UL. KARM<33ELICKA 14 7
<3892124026561787001135907121
<60           PL
<61NONREF
<63REF001252D685200249
:61:2502110211DN4858,19NERRNONREF//3560211609902793
PRZELEW INTERNET M/B
:86:7750<00PRZELEW INTERNET M/B<10
<20Faktura nr 6082618/21/2025/F z dnia
<21 04.02.2025
<27PGNiG Obr¢t Detaliczny sp. z o.o
<29
<3010201026<313557608261800009
<32PGNiG Obr¢t Detaliczny sp. <33z o.o
<3846102010263557608261800009
<61NONREF
<63REF3560211609902793
:61:2502110211DN11502,25NERRNONREF//3560211614202743
PRZELEW INTERNET M/B
:86:7750<00PRZELEW INTERNET M/B<10
<20Faktura 3/02/2025
<27M5 ESTATE SP. Z O. O.
<29
<3010204900<310000880235935920
<32M5 ESTATE SP. Z O. O.<33
<3895102049000000880235935920
<61NONREF
<63REF3560211614202743
:61:2502110211CN10000,00NERRNONREF//001252B685300366
PRZELEW
:86:1720<00PRZELEW<10
<20Transakcja w obrocie dewizowym, Wym
<21iana walut - sprzedaæ USD za PLN ¶ 
<22252B006553FX :K: 4,024096 :S: 1,000
<23000 :O: 2ˇ485,03 USD
<27L-PL SP‡LKA Z O.O. UL. KARMELICKA 1
<284 7
<2931-128    KRAK‡W              PL
<3012402656<311787001135907121
<32L-PL SP‡LKA Z O.O. UL. KARM<33ELICKA 14 7
<3892124026561787001135907121
<60           PL
<61NONREF
<63REF001252B685300366
:61:2502110211DN3038,10NERRNONREF//3560211607702730
PRZELEW INTERNET M/B
:86:7750<00PRZELEW INTERNET M/B<10
<20Faktura nr FA/28/01/2025
<27ML KSI®GOWOóè PROSTA SP‡ùKA AKCYJNA
<29
<3011401977<310000393455001001
<32ML KSI®GOWOóè PROSTA SP‡ùKA<33 AKCYJNA
<3867114019770000393455001001
<61NONREF
<63REF3560211607702730
:61:2502050205DN30,00NERRNONREF//M0150PB600052735
PROWIZJE AUT.
:86:8300<00PROWIZJE AUT.<10
<20Opàata za Pakiet MóP Premium za 02.
<212025
<27
<29
<3012402092<311362991111000000
<32<33
<3892124020921362991111000000
<61NONREF
<63REFM0150PB600052735
:61:2502040204DN6000,00NERRNONREF//3560204615003241
PRZELEW INTERNET M/B
:86:7750<00PRZELEW INTERNET M/B<10
<20UMOWA ZLECENIE Nr 4/30/12/2024
<27BUSHOVSKYI OLEKSANDR
<29
<3010201013<310000030204598753
<32BUSHOVSKYI OLEKSANDR<33
<3868102010130000030204598753
<61NONREF
<63REF3560204615003241
:61:2502040204DN11246,04NERRNONREF//3560204609803339
PRZELEW INTERNET M/B
:86:7750<00PRZELEW INTERNET M/B<10
<20UMOWA ZLECENIE Nr 6/03/06/2024
<27BEREZYNETS OLEKSANDR
<29
<3010204900<310000800236769572
<32BEREZYNETS OLEKSANDR<33
<3861102049000000800236769572
<61NONREF
<63REF3560204609803339
:61:2502040204DN9682,53NERRNONREF//3560204615803248
PRZELEW INTERNET
:86:7650<00PRZELEW INTERNET<10
<20UMOWA ZLECENIE Nr 5/01/05/2024
<27BIELOUSOV YEVHEN
<29
<3012404719<311111001137733197
<32BIELOUSOV YEVHEN<33
<3829124047191111001137733197
<61NONREF
<63REF3560204615803248
:61:2502040204CN31562,40NERRNONREF//0012524685200477
PRZELEW
:86:1720<00PRZELEW<10
<20Transakcja w obrocie dewizowym, Wym
<21iana walut - sprzedaæ USD za PLN ¶ 
<222524009556FX :K: 3,945300 :S: 1,000
<23000 :O: 8ˇ000,00 USD
<27L-PL SP‡LKA Z O.O. UL. KARMELICKA 1
<284 7
<2931-128    KRAK‡W              PL
<3012402656<311787001135907121
<32L-PL SP‡LKA Z O.O. UL. KARM<33ELICKA 14 7
<3892124026561787001135907121
<60           PL
<61NONREF
<63REF0012524685200477
:61:2502040204CN3475,00NTRFNONREF//ZBD0000001004729
PRZELEW KRAJOWY MI®DZYBANKOWY
:86:2400<00PRZELEW KRAJOWY MI®DZYBANKO<10
<20Zwrot z podatku VAT 12/2024 ? ? /KL
<21/02
<27URZ§D SKARBOWY KRAK‡W-STARE MIASTO 
<2831-001 KRAK‡W GRODZ
<29KA 65
<3010100071<312222524296213600
<32URZ§D SKARBOWY KRAK‡W-STARE<33 MIASTO 31-001 KRAK‡W GRODZ
<3885101000712222524296213600
<61NONREF
<63REFZBD0000001004729
:61:2502030203DN984,00NERRNONREF//3560203608902792
PRZELEW INTERNET M/B
:86:7750<00PRZELEW INTERNET M/B<10
<20FV/NMS/2025/02/000906
<27HOR.NET POLSKA Sp¢àka z o.o.
<29
<3010202892<312178000000002274
<32HOR.NET POLSKA Sp¢àka z o.o<33.
<3835102028922178000000002274
<61NONREF
<63REF3560203608902792
:62F:C250228PLN0,00
:64:D250228PLN0,00
-

